@book{bolfa,
	title = {Introdu\c{c}\~{a}o \`{a} infer\^{e}ncia estat\'{i}stica},
	OPTedition = {},
	author = {H. Bolfarine},
	year = {2010},
	publisher= {SBM},
	address = {Rio de Janeiro, 2a edi\c{c}\~{a}o}	
}

@Book{thinkbayes,
author = {A. B. Downey},
ALTeditor = {•},
title = {Think {B}ayes: {B}ayesian {S}tatistics {M}ade {S}imple},
publisher = {Green Tea Press},
year = {2012}
}

@Book{IA,
author = {Katti Faceki and others},
title = {Intelig\^{e}ncia {A}rtificial: {U}ma {A}bordagem de {A}prendizagem de {M}\'{a}quina},
publisher = {LTC},
year = {2015},
Taddress = {Rio de Janeiro}
}

@Book{pandas,
author = {W. McKinney},
title = {Python for {D}ata {A}nalysis},
publisher = {O'Reilly Media Inc.},
year = {2013},
OPTkey = {•},
OPTvolume = {•},
OPTnumber = {•},
OPTseries = {•},
OPTaddress = {Sebastopol, CA},
OPTedition = {•},
OPTmonth = {•},
OPTnote = {•},
OPTannote = {•}
}

@Book{sheldon,
author = {R. Sheldon},
ALTeditor = {•},
title = {Probabilidade: Um curso moderno com aplica\c{c}\~{o}es},
publisher = {Bookman},
year = {2010},
OPTkey = {•},
OPTvolume = {•},
OPTnumber = {•},
OPTseries = {•},
address = {Porto Alegre, 8a edi\c{c}\~{a}o},
OPTedition = {8a},
OPTmonth = {•},
note = {Tradu\c{c}\~{a}o: Alberto Resende De Conti},
OPTannote = {•}
}

@Book{python,
author = {M. Summerfield},
ALTeditor = {•},
title = {{P}rograma\c{c}\~{a}o em {P}ython 3: uma introdu\c{c}\~{a}o completa \`{a} linguagem {P}ython},
publisher = {Alta Books},
year = {2012},
OPTkey = {•},
OPTvolume = {•},
OPTnumber = {•},
OPTseries = {•},
address = {Rio de Janeiro},
OPTedition = {•},
OPTmonth = {•},
OPTnote = {•},
OPTannote = {•}
}

@Article{naivebayes,
author = {H. Zhang},
title = {{T}he {O}ptimality of {N}aive {B}ayes},
journal = {University of New Brunswick},
year = {2004},
OPTkey = {•},
OPTvolume = {•},
OPTnumber = {•},
OPTpages = {•},
OPTmonth = {•},
OPTnote = {•},
OPTannote = {•}
}

@Article{bayesnet,
author = {N. Friedman and others },
title = {Bayesian Network Classifiers},
journal = {Machine Learning},
year = {1997},
OPTkey = {•},
volume = {29},
number = {},
pages = {131--163},
OPTmonth = {•},
OPTnote = {•},
OPTannote = {•}
}


@TechReport{logdota,
author = {K. Conley},
title = {How {D}oes {H}e {S}aw {M}e?
{A} {R}ecommendation {E}ngine for {P}icking {H}eroes in
{D}ota 2},
institution = {Stanford University},
year = {2013},
OPTkey = {•},
OPTtype = {•},
OPTnumber = {•},
OPTaddress = {•},
OPTmonth = {•},
OPTnote = {•},
OPTannote = {•}
}

@Misc{Dota,
author ={Dota2},
howpublished = {Dispon\'{i}vel em: \url{ <http://www.dota2.com>}. \'{U}ltimo Acesso: 12 de abril de 2016},
OPTmonth = {•},
year = {2016},
OPTNOTE = {•},
OPTannote = {}
}

@Misc{Earning,
author ={EsportsEarnings},
howpublished = {Dispon\'{i}vel em: \url{ <http://www.esportsearnings.com>}. \'{U}ltimo Acesso: 12 de abril de 2016},
OPTmonth = {•},
year = {2016},
OPTNOTE = {•},
OPTannote = {}
}

@Misc{TI2015,
author ={Dota2},
title = {The {I}nternational 2015},
howpublished = {Dispon\'{i}vel em: \url{ <http://www.dota2.com/international/overview>}. \'{U}ltimo Acesso: 12 de abril de 2016},
OPTmonth = {•},
year = {2015},
OPTNOTE = {•},
OPTannote = {}
}
